
@Misc{Julia,
  key = 	 {Julia},
  OPTauthor = 	 {},
  title = 	 {Julia},
  howpublished = {\url{http://fractal.ow2.org/julia/}},
  OPTmonth = 	 {},
  OPTyear = 	 {},
  OPTnote = 	 {},
  OPTannote = 	 {}
}

@TechReport{TFCM,
  author = 	 {E. Bruneton and T. Coupaye and J.B. Stefani},
  title = 	 {The Fractal Component Model},
  institution =  {ObjectWeb Consortium},
  year = 	 {2003},
  key = 	 {TFCM},
  OPTtype = 	 {},
  OPTnumber = 	 {},
  address = 	 {\url{http://www.objectweb.org/fractal}},
  OPTmonth = 	 {},
  OPTnote = 	 {},
  OPTannote = 	 {}
}

@Misc{AOKell,
  key = 	 {AOKell},
 OPTauthor = 	 {},
  title = 	 {AOKell},
  howpublished = {\url{http://fractal.ow2.org/aokell/index.html}},
  OPTmonth = 	 {},
  OPTyear = 	 {},
  OPTnote = 	 {},
  OPTannote = 	 {}
}



@Misc{Guttman,
  key = 	 {Guttman},
  author = 	 "A.{\textsc{Guttman}}",
  title = 	 {\href{http://www-db.deis.unibo.it/courses/SI-LS/papers/Gut84.pdf}{R-Trees: A Dynamic Index Structure for Spatial Searching}},
  howpublished = {\url{http://www-db.deis.unibo.it/courses/SI-LS/papers/Gut84.pdf}},
  OPTmonth = 	 {},
  OPTyear = 	 {},
  OPTnote = 	 {},
  OPTannote = 	 {}
}


@Misc{Think,
  key = 	 {Think},
  OPTauthor = 	 "L.{\textsc{Arge}} and Mark de {\textsc{Berg}} and HJ.{\textsc{Haverkort}} and K.{\textsc{Yi}}",
  title = 	 {Think},
  howpublished = {\url{http://think.ow2.org/}},
  OPTmonth = 	 {},
  OPTyear = 	 {},
  OPTnote = 	 {},
  OPTannote = 	 {}
}


@Misc{FracTalk,
  key = 	 {FracTalk},
  OPTauthor = 	 {},
  title = 	 {FracTalk},
  howpublished = {\url{http://csl.ensm-douai.fr/FracTalk}},
  OPTmonth = 	 {},
  OPTyear = 	 {},
  OPTnote = 	 {},
  OPTannote = 	 {}
}

