@Misc{acceleo,
key = {acceleo},
title = {\href{http://www.acceleo.org/pages/accueil/fr}{Projet Acceleo}},
howpublished = {\url{http://www.acceleo.org/pages/accueil/fr}}
}

@Misc{obeo,
key = {obeo},
OPTauthor = {},
title = {\href{http://www.obeo.fr/}{Societe Obeo}},
howpublished = {\url{http://www.obeo.fr/}},
OPTmonth = {},
OPTyear = {},
OPTnote = {},
OPTannote = {}
}

@Misc{play,
key = {play},
title = {\href{http://www.playframework.org/}{Framework Play}},
howpublished = {\url{http://www.playframework.org/}}}



@Misc{emf,
key = {emf},
title = {\href{http://www.eclipse.org/modeling/emf/}{Framework EMF}},
howpublished = {\url{http://www.eclipse.org/modeling/emf/}}
}
@Misc{omg,
key = {omg},
title = {\href{http://www.omg.org}{Object Management Group}},
howpublished = {\url{http://www.omg.org}}
}
@Misc{django,
key = {django},
title = {\href{http://www.django-fr.org/}{Django}},
howpublished = {\url{http://www.django-fr.org/}}
}
@Misc{ruby,
key = {ruby},
title = {\href{http://rubyonrails.org/}{Ruby on rails}},
howpublished = {\url{http://rubyonrails.org/}}
}

@Misc{git,
key = {git},
title = {\href{https://github.com/}{Github}},
howpublished = {\url{https://github.com/}}
}

@Misc{fondation,
key = {fondation},
title = {\href{http://www.eclipse.org/org/}{Fondation Eclipse}},
howpublished = {\url{http://www.eclipse.org/org/}}
}

@Misc{gen_gap,
key = {gen_gap},
title = {\href{http://www.research.ibm.com/designpatterns/pubs/gg.html}{Generation Gap Pattern (IBM)}},
howpublished = {\url{http://www.research.ibm.com/designpatterns/pubs/gg.html}}
}

