@Misc{acceleo,
key = {acceleo},
OPTauthor = {},
title = {\href{http://www.acceleo.org/pages/accueil/fr}{Projet Acceleo}},
howpublished = {\url{http://www.acceleo.org/pages/accueil/fr}},
OPTmonth = {},
OPTyear = {},
OPTnote = {},
OPTannote = {}
}

@Misc{obeo,
key = {obeo},
OPTauthor = {},
title = {\href{http://www.obeo.fr/}{Societe Obeo}},
howpublished = {\url{http://www.obeo.fr/}},
OPTmonth = {},
OPTyear = {},
OPTnote = {},
OPTannote = {}
}

@Misc{play,
key = {play},
title = {\href{http://www.playframework.org/}{Framework Play}},
howpublished = {\url{http://www.playframework.org/}}}



@Misc{emf,
key = {emf},
title = {\href{http://www.eclipse.org/modeling/emf/}{Framework EMF}},
howpublished = {\url{http://www.eclipse.org/modeling/emf/}}
}
@Misc{omg,
key = {omg},
title = {\href{http://www.omg.org}{Object Management Group}},
howpublished = {\url{http://www.omg.org}}
}