

@Article{krutchen,
  author = 	 "Philippe {\textsc{Kruchten}}",
  title = 	 "{\href{http://thedovgals.com/andre/professional/architectsfellowship/kruchten%20080624%20agility%20and%20architecture%20v1.pdf}{Agility and Architectureâ€”Can they coexist ?}}",
  journal = 	 "IEEE Software",
  year = 	 2010,
  key = 	 "kruchten",
 volume = 	 27,
  pages = 	 "16-22",
  month = 	 "March",
adress= 	 "University of British Columbia"}



@Misc{ibm,
  key = 	 {ibm},
  title = 	 {\href{http://www.ibm.com/developerworks/webservices/library/ws-agile1/}{Methods for successful Service-Oriented Architecture (SOA) development}},
  OPThowpublished = {},
  month = 	 {July},
  year = 	 {2005},
author="Pal {\textsc{Krogdahl}}, Gottrried {\textsc{Luef}} and Christoph {\textsc{Steindl}}",
  OPTnote = 	 {},
  OPTannote = 	 {}
}
@Misc{soa,
  key = 	 {soa},
  title = 	 {\href{
http://www.enterprise-architecture.info/Images/Documents/NASCIO_SOA_Research_Brief_2006.pdf}{Service Oriented Architecture: An Enabler of the Agile Enterprise in State Government}},
author="Eric {\textsc{Sweden}}",
  OPThowpublished = {},
  month = 	 {May},
  year = 	 {2006},
  OPTnote = 	 {},
  OPTannote = 	 {}
}
@Misc{cloud,
  key = 	 {Agility in the cloud},
  OPTauthor = 	 {},
  title = 	 {Achieving Enterprise Agility in the Cloud},
  howpublished = {\url{http://clean-clouds.com/2012/08/22/achieving-enterprise-agility-in-the-cloud/}},
  OPTmonth = 	 {},
  OPTyear = 	 {},
  OPTnote = 	 {},
  OPTannote = 	 {}
}

